<record xmlns="http://www.loc.gov/MARC21/slim" xmlns:xsi="http://www.w3.org/2001/XMLSchema-instance" xsi:schemaLocation="http://www.loc.gov/MARC21/slim http://www.loc.gov/standards/marcxml/schema/MARC21slim.xsd">

  <leader>00465nam a2200121Ia 4500</leader>
  <datafield ind1=" " ind2=" " tag="999">
    <subfield code="c">1743</subfield>
    <subfield code="d">1743</subfield>
  </datafield>
  <controlfield tag="008">180418b1976    sp ||||| |||| 00| | spa d</controlfield>
  <datafield tag="090" ind2=" " ind1=" ">
    <subfield code="a">06.03.06 </subfield>
    <subfield code="b">1054</subfield>
  </datafield>
  <datafield ind2=" " tag="100" ind1="1">
    <subfield code="9">3579</subfield>
    <subfield code="a">López, A.</subfield>
  </datafield>
  <datafield ind1="1" tag="245" ind2="0">
    <subfield code="a">Docencia Universitaria y actividad creadora : Una experiencia de Pedagogía operatoria con estudiantes universitarios / </subfield>
    <subfield code="c">A. López... [et al.]</subfield>
  </datafield>
  <datafield tag="260" ind2=" " ind1=" ">
    <subfield code="a">España : </subfield>
    <subfield code="b">Universidad Autónoma de Barcelona, </subfield>
    <subfield code="c">1976</subfield>
  </datafield>
  <datafield ind1=" " tag="300" ind2=" ">
    <subfield code="a">114 páginas</subfield>
  </datafield>
  <datafield ind2="4" tag="650" ind1="1">
    <subfield code="a">ENSEÑANZA SUPERIOR </subfield>
  </datafield>
  <datafield ind2="4" tag="650" ind1="1">
    <subfield code="a">DOCENCIA UNIVERSITARIA</subfield>
    <subfield code="9">920</subfield>
  </datafield>
  <datafield ind2="4" tag="650" ind1="1">
    <subfield code="a">ESTUDIANTES UNIVERSITARIOS </subfield>
    <subfield code="9">481</subfield>
  </datafield>
  <datafield ind1=" " ind2=" " tag="942">
    <subfield code="2">z</subfield>
    <subfield code="c">01</subfield>
  </datafield>
</record>